@book{made_to_stick,
	author = "C. Heath",
    title = "Made to stick" ,
    publisher = "Random House US",
    year = {September 2010},
}

@misc{stack_water_shielding,
  title = {StackExchange:Water radiation shielding},
  howpublished = {\url{https://space.stackexchange.com/questions/1336/what-thickness-depth-of-water-would-be-required-to-provide-radiation-shielding-i/1826#1826}},
  note = {Accessed: 2018-04-27}
}

@misc{rontgen_conversion,
  title = {Rontgen to mSv conversion},
  howpublished = {\url{http://www.endmemo.com/sconvert/rmsv.php}},
  note = {Accessed: 2018-04-27}
}

@misc{van_allen_research,
  title = {Radiation belts around Earth by Van Allen},
  howpublished = {\url{http://www.moonfaker.com/images/misc/VanAllenBelts-SciAm-Mar1959.pdf}},
  note = {Accessed: 2018-04-27}
}

